@misc{misc:gson,
    title = {Github.com, Gson Java library},
    url = {https://github.com/google/gson},
    urldate = {2020-09-03},
}
@misc{misc:googletrends,
    title        = {Trends.google.com, Homepage},
    url = {https://trends.google.de/trends/?geo=DE},
    urldate = {2020-09-09},
}
@misc{misc:danieldacher,
    title        = {Thispersondoesnotexist.com, Daniel Dacher},
    url = {https://thispersondoesnotexist.com/},
    urldate = {2020-06-17},
}
@misc{misc:susanneschmid,
    title        = {Thispersondoesnotexist.com, Susanne Schmid},
    url = {https://thispersondoesnotexist.com/},
    urldate = {2020-06-17},
}
@misc{misc:torstentacheles,
    title        = {Thispersondoesnotexist.com, Torsten Tacheles},
    url = {https://thispersondoesnotexist.com/},
    urldate = {2020-06-18},
}
@misc{misc:openweather,
    title        = {Openweathermap.org, Homepage},
    url = {https://openweathermap.org/},
    urldate = {2020-09-09},
}
@misc{misc:firebase_terms,
    title        = {Firebase.google.com, Data processing terms},
    url = {https://firebase.google.com/terms/data-processing-terms},
    urldate = {2020-09-08},
}
@misc{misc:android_listview,
    title        = {Developer.android.com, ListView},
    url = {https://developer.android.com/reference/android/widget/ListView},
    urldate = {2020-09-08},
}
@misc{misc:rhetorik_selbstbewusstsein,
    title        = {Rhetorik-lernen.de, In 11 Mindsets zu einem starkem Selbstbewusstsein auf der Bühne},
    url = {https://rhetorik-lernen.net/selbstbewusstsein/},
    urldate = {2020-09-07},
}
@misc{misc:wikipedia_smalltalk,
title = {De.wikipedia.org, Alltagsgespräch},
url = {https://de.wikipedia.org/wiki/Alltagsgespr%C3%A4ch},
urldate = {2020-09-07},
}
@misc{misc:androiddeveloper,
    title = {Play.google.com, Google Play Console},
    url = {https://play.google.com/apps/publish/signup/},
    urldate = {2020-09-06},
}
@misc{misc:so_popularity,
    title = {Insights.stackoverflow.com, Most loved dreaded and wanted},
    url = {https://insights.stackoverflow.com/survey/2019#most-loved-dreaded-and-wanted},
    urldate = {2020-09-05},
}
@misc{misc:reactnative_vs_native,
    title = {Medium.com, React Native vs iOS/Android Native: what is the best choice for mobile development today?},
    url = {https://medium.com/@smartym.pro/react-native-vs-ios-android-native-what-is-the-best-choice-for-mobile-development-today-67cde42fc8bc},
    urldate = {2020-09-05},
}
@misc{misc:flutter_reactnative_xamarin,
    title = {Blog.logrocket.com, Flutter vs. React Native vs. Xamarin},
    url = {https://blog.logrocket.com/flutter-vs-react-native-vs-xamarin/},
    urldate = {2020-09-05},
}
@misc{misc:appledeveloper,
    title = {Developer.apple.com, Abschluss und Aktivierung},
    url = {https://developer.apple.com/de/support/purchase-activation/},
    urldate = {2020-09-04},
}
@misc{misc:heise_cosmosdb,
    title = {Heise.de, Eine Einführung in die Azure Cosmos DB},
    url = {https://m.heise.de/developer/artikel/Eine-Einfuehrung-in-die-Azure-Cosmos-DB-4446403.html?seite=all},
    urldate = {2020-09-04},
}
@misc{misc:dynamodb,
    title = {Aws.amazon.com, DynamoDB},
    url = {https://aws.amazon.com/dynamodb/},
    urldate = {2020-09-04},
}
@misc{misc:firebase,
    title = {Firebase.google.com, Homepage},
    url = {https://firebase.google.com/},
    urldate = {2020-09-04},
}
@misc{misc:cosmosdb,
    title = {Azure.microsoft.com, Azure Cosmos DB},
    url = {https://azure.microsoft.com/de-de/services/cosmos-db/},
    urldate = {2020-09-04},
}
@misc{misc:amazonfreetier,
    title = {Aws.amazon.com, Free Tier},
    url = {https://aws.amazon.com/free/?all-free-tier.sort-by=item.additionalFields.SortRank&all-free-tier.sort-order=asc},
    urldate = {2020-09-04},
}
@misc{misc:sqlite,
    title = {Sqlite.org, What is SQLite},
    url = {https://www.sqlite.org/index.html},
    urldate = {2020-09-03},
}
@misc{misc:sharedpreferences,
    title = {Developer.android.com, Save key-value data},
    url = {https://developer.android.com/training/data-storage/shared-preferences},
    urldate = {2020-09-03},
}
@misc{misc:appspecificstorage,
    title = {Developer.android.com, Access app-specific files},
    url = {https://developer.android.com/training/data-storage/app-specific},
    urldate = {2020-09-03},
}
@misc{misc:garmin,
    title = {Garmin.com, Homepage},
    url = {https://www.garmin.com/de-DE/},
    urldate = {2020-09-02},
}
@misc{misc:fitbit,
    title = {Fitbit.com, Homepage},
    url = {https://www.fitbit.com/de/home},
    urldate = {2020-09-02},
}
@misc{misc:canalys_smartwatch_marketshare,
    title = {Canalys.com, Worldwide smartwatch shipments Q1 2020},
    url = {https://www.canalys.com/newsroom/canalys-worldwide-smartwatch-shipments-q1-2020},
    urldate = {2020-09-02},
}
@misc{misc:statista_smartwatches,
    title = {Statista.de, Anteil der Smartwatch-Nutzer in Deutschland in den Jahren 2015 bis 2019},
    url = {https://de.statista.com/statistik/daten/studie/1047586/umfrage/anteil-der-smartwatch-nutzer-in-deutschland/#statisticContainer},
    urldate = {2020-08-12},
}
@misc{misc:marktforschung_smartphone,
    title = {Marktforschung.de, EITO: Smartphonenutzung},
    url = {https://www.marktforschung.de/aktuelles/marktforschung/acht-von-zehn-menschen-in-deutschland-nutzen-ein-smartphone/},
    urldate = {2020-08-12},
}
@misc{misc:kantarworldpanel,
    title = {Kantarworldpanel.com, Smartphone OS Market Share},
    url= {https://www.kantarworldpanel.com/global/smartphone-os-market-share/},
    urldate = {2020-06-19},
}
@misc{Datenbank:objektorientiert,
    title = {Datenbanken-verstehen.de, Objektorientiertes Datenbankmodell},
    url = {https://www.datenbanken-verstehen.de/datenbank-grundlagen/datenbankmodell/objektorientiertes-datenbankmodell/},
    urldate = {2020-02-04}
}
@misc{Datenbank:dokumentenorientiert,
    title  = {Eliteinformatiker.de ,Dokumentenorientiertes Datenbankmodell},
    url = {https://eliteinformatiker.de/2011/05/18/nosql-document-store-couchdb-mongodb},
    urldate = {2020-02-04}
}

@misc{Kommunikationlernen:blog,
    title = {Kommunikation-lernen.de, Blog},
    url = {https://kommunikation-lernen.de/blog/},
    urldate = {2020-02-20}
}

@misc{Db-engines:ranking,
    title = {Db-engines.com, Ranking},
    url = {https://db-engines.com/de/ranking},
    urldate = {2020-02-19},
}

@misc{App:topicks,
    title = {Play.google.com, Topicks - Gesprächsthemen und mehr!},
    url = {https://play.google.com/store/apps/details?id=de.waghann.talking.release&hl=de},
    urldate = {2020-02-20},
}

@misc{App:beyond,
    title = {Play.google.com, Beyond Small Talk},
    url = {https://play.google.com/store/apps/details?id=com.beyondsmalltalk.beyondsmalltalk1&hl=de},
    urldate = {2020-02-20},
}

@misc{App:trending,
    title = {Play.google.co, Trending - All in one app},
    url = {https://play.google.com/store/apps/details?id=com.anandroid.trending&hl=de},
    urldate = {2020-02-21},
}

@misc{App:smalltalk,
    title = {Play.google.com, small talk},
    url = {https://play.google.com/store/apps/details?id=com.getsmalltalk&hl=de},
    urldate = {2020-02-21},
}

@misc{App:nwsty,
    title = {Play.google.com, Nwsty - Headlines \& Daily Breaking News Summaries},
    url = {https://play.google.com/store/apps/details?id=com.instancea.nwsty&hl=en},
    urldate = {2020-02-26},
}

@misc{App:clio,
    title = {Play.google.com, Clio - Discover Nearby History and Walking Tours},
    url = {https://play.google.com/store/apps/details?id=com.theclio.clio&hl=en},
    urldate = {2020-02-26},
}

@book{Birgelen:Ich-und-der-Kunde,
    author         = {Dominik Birgelen},
    title          = {Alles, was Sie über das Verkaufen wissen müssen: Ich und der Kunde},
    publisher      = {Springer Gabler},
    year           = {2013}
}
@book{Naumann:Die-kunst-des-smalltalk,
    title    = {Die Kunst Des Smalltalk},
    subtitle = {Leicht ins Gespräch kommen, locker Kontakte knüpfen},
    author   = {Naumann, Frank},
    year     = {2012},
    pulisher = {Rowohlt Verlag GmbH}
}

@book{Roese:Lernen-OHNE-Stress,
    title     = {Lernen OHNE Stress},
    subtitle  = {Wie Sie Ihrem Kind wirklich helfen können},
    author    = {Roese, Tobias},
    year      = {2014},
    publisher = {epubli}
}

@book{Balzert:Lehrbuch-der-softwaretechnik,
    title     = {Lehrbuch der Softwaretechnik},
    subtitle  = {Basiskonzepte und Requirements Engineering},
    author    = {Balzert,Helmut},
    year      = {2009},
    address   = {Heidelberg},
    publisher = {Spektrum Akad. Verl.}
}


@book{Ebert:SystematischesReqEng,
    title     = {Systematisches Requirements Engineering},
    subtitle  = {Anforderungen ermitteln, dokumentieren analysieren und verwalten},
    author    = {Ebert,Christof},
    year      = {2019},
    address   = {Heidelberg},
    publisher = {dpunkt.verlag}
}

@thesis{Meissner:Bachelorthesis,
    title  = {Unterstützung von Messabläufen an einem Koordinatenmessgerät durch optische Lage- und Werckstückerkennung},
    author = {Meissner,Andy},
    year   = {2018},
    school = {DHBW Stuttgart}
}
@misc{AUKOM:aukom,
    title  = {AUKOM Stufe 1 \& 2},
    author = {AUKOM e.V.},
    year   = {2014}
}
@techreport{wenzel:control,
    title        = {WENZEL Metrology World},
    author       = {WENZEL},
    institutions = {WENZEL},
    year         = {2017},
    note         = {erreichbar unter \url{https://www.metromec.ch/images/pdf/News/WENZEL_Metrology_World_Control_05-2017.pdf} (zuletzt eingesehen am 26.08.2019)}
}
@book{Rupp:ReqEng,
    title     = {Requirements-Engineering und -Management},
    subtitle  = {Aus der Praxis von klassisch bis agil},
    author    = {Rupp, Chris},
    year      = {2014},
    address   = {München},
    publisher = {Carl Hanser Verlag}
}
@misc{HEXAGON:hexagon,
    title    = {HEXAGON Metrology},
    subtitle = {PULSE},
    author   = {Hexagon},
    note     = {erreichbar unter \url{https://www.hexagonmi.com/de-DE/products/coordinate-measuring-machines/accessories-for-cmms/mms-pulse} (zuletzt eingesehen am 27.08.2019)}
}
@misc{Motion:motion,
    title    = {Motion-Project},
    subtitle = {RSA Data Security, Inc MD5 Message-Digest Algorithm},
    note     = {erreichbar unter \url{https://github.com/Motion-Project/motion} (zuletzt eingesehen am 28.08.2019)}
}
@misc{cubieboard:6,
    title = {Cubieboard: 6},
    note  = {erreichbar unter \url{http://cubieboard.org/2017/12/27/cubieboard6-is-released-to-the-overseas-users/} (zuletzt eingesehen am 30.08.2019)}
}
@misc{BeagleBone:black,
    title = {BeagleBone: Black},
    note  = {erreichbar unter \url{http://beagleboard.org/bone} (zuletzt eingesehen am 30.08.2019)}
}
@misc{Raspberry:b,
    title = {RaspberryPi.org: Model 3 B+},
    note  = {erreichbar unter \url{https://www.raspberrypi.org/products/raspberry-pi-3-model-b-plus/} (zuletzt eingesehen am 30.08.2019)}
}
@misc{ESP:8266,
    title = {Espressif: ESP8266},
    note  = {erreichbar unter \url{https://www.espressif.com/sites/default/files/documentation/0a-esp8266ex_datasheet_en.pdf} (eingesehen am 30.08.2019)}
}
